@article{zwietering1991modeling,
  title={Modeling of bacterial growth as a function of temperature.},
  author={Zwietering, MH and De Koos, JT and Hasenack, BE and De Witt, JC and Van't Riet, K},
  journal={Applied and environmental microbiology},
  volume={57},
  number={4},
  pages={1094--1101},
  year={1991},
  publisher={Am Soc Microbiol}
}

@article{menzinger1969meaning,
  title={The meaning and use of the Arrhenius activation energy},
  author={Menzinger, M and Wolfgang, Re},
  journal={Angewandte Chemie International Edition in English},
  volume={8},
  number={6},
  pages={438--444},
  year={1969},
  publisher={Wiley Online Library}
}

@article{schoolfield1981non,
  title={Non-linear regression of biological temperature-dependent rate models based on absolute reaction-rate theory},
  author={Schoolfield, Robert M and Sharpe, PJH and Magnuson, Charles E},
  journal={Journal of theoretical biology},
  volume={88},
  number={4},
  pages={719--731},
  year={1981},
  publisher={Elsevier}
}

@article{briere1999novel,
  title={A novel rate model of temperature-dependent development for arthropods},
  author={Briere, Jean-Francois and Pracros, Pascale and Le Roux, Alain-Yves and Pierre, Jean-Sebastien},
  journal={Environmental Entomology},
  volume={28},
  number={1},
  pages={22--29},
  year={1999},
  publisher={Oxford University Press Oxford, UK}
}

@article{montagnes2008short,
  title={Short-term temperature change may impact freshwater carbon flux: a microbial perspective},
  author={Montagnes, David JS and Morgan, Gareth and Bissinger, Jan E and Atkinson, David and Weisse, Thomas},
  journal={Global Change Biology},
  volume={14},
  number={12},
  pages={2823--2838},
  year={2008},
  publisher={Wiley Online Library}
}

@article{ratkowsky1983model,
  title={Model for bacterial culture growth rate throughout the entire biokinetic temperature range.},
  author={Ratkowsky, DA and Lowry, RK and McMeekin, TA and Stokes, AN and Chandler, RE217594},
  journal={Journal of bacteriology},
  volume={154},
  number={3},
  pages={1222--1226},
  year={1983},
  publisher={Am Soc Microbiol}
}

@article{boatman2017key,
  title={A key marine diazotroph in a changing ocean: The interacting effects of temperature, CO2 and light on the growth of Trichodesmium erythraeum IMS101},
  author={Boatman, Tobias G and Lawson, Tracy and Geider, Richard J},
  journal={PloS one},
  volume={12},
  number={1},
  pages={e0168796},
  year={2017},
  publisher={Public Library of Science San Francisco, CA USA}
}

@article{johnson1946growth,
  title={The growth rate of E. coli in relation to temperature, quinine and coenzyme},
  author={Johnson, Frank H and Lewin, Isaac},
  journal={Journal of Cellular and Comparative Physiology},
  volume={28},
  number={1},
  pages={47--75},
  year={1946},
  publisher={Wiley Online Library}
}

@article{rezende2019thermal,
  title={Thermal performance across levels of biological organization},
  author={Rezende, Enrico L and Bozinovic, Francisco},
  journal={Philosophical Transactions of the Royal Society B},
  volume={374},
  number={1778},
  pages={20180549},
  year={2019},
  publisher={The Royal Society}
}

@article{brown2004toward,
  title={Toward a metabolic theory of ecology},
  author={Brown, James H and Gillooly, James F and Allen, Andrew P and Savage, Van M and West, Geoffrey B},
  journal={Ecology},
  volume={85},
  number={7},
  pages={1771--1789},
  year={2004},
  publisher={Wiley Online Library}
}

@article{schulte2015effects,
  title={The effects of temperature on aerobic metabolism: towards a mechanistic understanding of the responses of ectotherms to a changing environment},
  author={Schulte, Patricia M},
  journal={Journal of Experimental Biology},
  volume={218},
  number={12},
  pages={1856--1866},
  year={2015},
  publisher={The Company of Biologists Ltd}
}

@article{dell2011systematic,
  title={Systematic variation in the temperature dependence of physiological and ecological traits},
  author={Dell, Anthony I and Pawar, Samraat and Savage, Van M},
  journal={Proceedings of the National Academy of Sciences},
  volume={108},
  number={26},
  pages={10591--10596},
  year={2011},
  publisher={National Acad Sciences}
}

@article{elzhov2016package,
  title={Package ‘minpack. lm’},
  author={Elzhov, Timur V and Mullen, Katharine M and Spiess, Andrej-Nikolai and Bolker, Ben and Mullen, Maintainer Katharine M and Suggests, MASS},
  journal={Title R Interface to the Levenberg-Marquardt Nonlinear Least-Squares Algorithm Found in MINPACK, Plus Support for Bounds’. Available at: https://cran. rproject. org/web/packages/minpack. lm/minpack. lm. pdf},
  year={2016}
}

@article{johnson2004model,
  title={Model selection in ecology and evolution},
  author={Johnson, Jerald B and Omland, Kristian S},
  journal={Trends in ecology \& evolution},
  volume={19},
  number={2},
  pages={101--108},
  year={2004},
  publisher={Elsevier}
}

@article{burnham2002practical,
  title={A practical information-theoretic approach},
  author={Burnham, Kenneth P and Anderson, David R},
  journal={Model selection and multimodel inference, 2nd ed. Springer, New York},
  volume={2},
  year={2002}
}

@article{raftery1995bayesian,
  title={Bayesian model selection in social research},
  author={Raftery, Adrian E},
  journal={Sociological methodology},
  pages={111--163},
  year={1995},
  publisher={JSTOR}
}

@article{gillooly2001effects,
  title={Effects of size and temperature on metabolic rate},
  author={Gillooly, James F and Brown, James H and West, Geoffrey B and Savage, Van M and Charnov, Eric L},
  journal={science},
  volume={293},
  number={5538},
  pages={2248--2251},
  year={2001},
  publisher={American Association for the Advancement of Science}
}

@article{schulte2011thermal,
  title={Thermal performance curves, phenotypic plasticity, and the time scales of temperature exposure},
  author={Schulte, Patricia M and Healy, Timothy M and Fangue, Nann A},
  journal={Integrative and comparative biology},
  volume={51},
  number={5},
  pages={691--702},
  year={2011},
  publisher={Oxford University Press}
}

@article{allen2005linking,
  title={Linking the global carbon cycle to individual metabolism},
  author={Allen, AP and Gillooly, JF and Brown, JH},
  journal={Functional Ecology},
  volume={19},
  number={2},
  pages={202--213},
  year={2005},
  publisher={Wiley Online Library}
}

@article{yvon2012reconciling,
  title={Reconciling the temperature dependence of respiration across timescales and ecosystem types},
  author={Yvon-Durocher, Gabriel and Caffrey, Jane M and Cescatti, Alessandro and Dossena, Matteo and Del Giorgio, Paul and Gasol, Josep M and Montoya, Jos{\'e} M and Pumpanen, Jukka and Staehr, Peter A and Trimmer, Mark and others},
  journal={Nature},
  volume={487},
  number={7408},
  pages={472--476},
  year={2012},
  publisher={Nature Publishing Group}
}

@article{doran1995homogeneous,
  title={Homogeneous reactions},
  author={Doran, PM},
  journal={Bioprocess engineering principles. Academic, San Diego},
  pages={277--278},
  year={1995}
}

@article{qin2014correlated,
  title={Correlated parameter fit of arrhenius model for thermal denaturation of proteins and cells},
  author={Qin, Zhenpeng and Balasubramanian, Saravana Kumar and Wolkers, Willem F and Pearce, John A and Bischof, John C},
  journal={Annals of biomedical engineering},
  volume={42},
  number={12},
  pages={2392--2404},
  year={2014},
  publisher={Springer}
}

@book{raven2005biology,
  title={Biology of plants},
  author={Raven, Peter H and Evert, Ray F and Eichhorn, Susan E and others},
  year={2005},
  publisher={Macmillan}
}

@incollection{ABEDON20083010,
	title = "Respiration",
	editor = "Sven Erik Jørgensen and Brian D. Fath",
	booktitle = "Encyclopedia of Ecology",
	publisher = "Academic Press",
	address = "Oxford",
	pages = "3010 - 3020",
	year = "2008",
	isbn = "978-0-08-045405-4",
	doi = "https://doi.org/10.1016/B978-008045405-4.00291-3",
	url = "http://www.sciencedirect.com/science/article/pii/B9780080454054002913",
	author = "S.T. Abedon and C.A. Breitenberger and E.E. Roden and J.B. Williams",
	keywords = "ATP, Cellular respiration, Electron transport, Endosymbiosis, Respiration"
}

@article{sage2007temperature,
  title={The temperature response of C3 and C4 photosynthesis},
  author={Sage, Rowan F and Kubien, David S},
  journal={Plant, cell \& environment},
  volume={30},
  number={9},
  pages={1086--1106},
  year={2007},
  publisher={Wiley Online Library}
}

@article{liu2018optimum,
  title={The optimum temperature of soil microbial respiration: Patterns and controls},
  author={Liu, Yuan and He, Nianpeng and Wen, Xuefa and Xu, Li and Sun, Xiaomin and Yu, Guirui and Liang, Liyin and Schipper, Louis A},
  journal={Soil Biology and Biochemistry},
  volume={121},
  pages={35--42},
  year={2018},
  publisher={Elsevier}
}
