@article{zhou2020meta,
  title={Meta-analysis of the impacts of global change factors on soil microbial diversity and functionality},
  author={Zhou, Zhenghu and Wang, Chuankuan and Luo, Yiqi},
  journal={Nature communications},
  volume={11},
  number={1},
  pages={1--10},
  year={2020},
  publisher={Nature Publishing Group}
}


@article{bardgett2008microbial,
  title={Microbial contributions to climate change through carbon cycle feedbacks},
  author={Bardgett, Richard D and Freeman, Chris and Ostle, Nicholas J},
  journal={The ISME journal},
  volume={2},
  number={8},
  pages={805--814},
  year={2008},
  publisher={Nature Publishing Group}
}

@article{jenkinson1991model,
  title={Model estimates of CO 2 emissions from soil in response to global warming},
  author={Jenkinson, David S and Adams, DE and Wild, A},
  journal={Nature},
  volume={351},
  number={6324},
  pages={304--306},
  year={1991},
  publisher={Nature Publishing Group}
}

@article{davidson2006temperature,
  title={Temperature sensitivity of soil carbon decomposition and feedbacks to climate change},
  author={Davidson, Eric A and Janssens, Ivan A},
  journal={Nature},
  volume={440},
  number={7081},
  pages={165--173},
  year={2006},
  publisher={Nature Publishing Group}
}

@article{smith2019community,
  title={Community-level respiration of prokaryotic microbes may rise with global warming},
  author={Smith, Thomas P and Thomas, Thomas JH and Garc{\'\i}a-Carreras, Bernardo and Sal, Sof{\'\i}a and Yvon-Durocher, Gabriel and Bell, Thomas and Pawar, Samr{\=a}t},
  journal={Nature communications},
  volume={10},
  number={1},
  pages={1--11},
  year={2019},
  publisher={Nature Publishing Group}
}

@article{marsland2019available,
  title={Available energy fluxes drive a transition in the diversity, stability, and functional structure of microbial communities},
  author={Marsland III, Robert and Cui, Wenping and Goldford, Joshua and Sanchez, Alvaro and Korolev, Kirill and Mehta, Pankaj},
  journal={PLoS computational biology},
  volume={15},
  number={2},
  pages={e1006793},
  year={2019},
  publisher={Public Library of Science}
}

@article{jin2007thermodynamics,
  title={The thermodynamics and kinetics of microbial metabolism},
  author={Jin, Qusheng and Bethke, Craig M},
  journal={American Journal of Science},
  volume={307},
  number={4},
  pages={643--677},
  year={2007},
  publisher={American Journal of Science}
}

@article{goldford2018emergent,
  title={Emergent simplicity in microbial community assembly},
  author={Goldford, Joshua E and Lu, Nanxi and Baji{\'c}, Djordje and Estrela, Sylvie and Tikhonov, Mikhail and Sanchez-Gorostiaga, Alicia and Segr{\`e}, Daniel and Mehta, Pankaj and Sanchez, Alvaro},
  journal={Science},
  volume={361},
  number={6401},
  pages={469--474},
  year={2018},
  publisher={American Association for the Advancement of Science}
}

@article{zhou2016temperature,
  title={Temperature mediates continental-scale diversity of microbes in forest soils},
  author={Zhou, Jizhong and Deng, Ye and Shen, Lina and Wen, Chongqing and Yan, Qingyun and Ning, Daliang and Qin, Yujia and Xue, Kai and Wu, Liyou and He, Zhili and others},
  journal={Nature communications},
  volume={7},
  number={1},
  pages={1--10},
  year={2016},
  publisher={Nature Publishing Group}
}

@article{gang2019meta,
  title={A meta-analysis of the effects of warming and elevated CO2 on soil microbes},
  author={Gang, Fu and Haorui, Zhang and Shaowei, Li and Wei, Sun},
  journal={Journal of Resources and Ecology},
  volume={10},
  number={1},
  pages={69--76},
  year={2019},
  publisher={BioOne}
}

@article{domeignoz2020microbial,
  title={Microbial diversity drives carbon use efficiency in a model soil},
  author={Domeignoz-Horta, Luiz A and Pold, Grace and Liu, Xiao-Jun Allen and Frey, Serita D and Melillo, Jerry M and DeAngelis, Kristen M},
  journal={Nature communications},
  volume={11},
  number={1},
  pages={1--10},
  year={2020},
  publisher={Nature Publishing Group}
}

@article{liebich2007degradation,
  title={Degradation and humification of maize straw in soil microcosms inoculated with simple and complex microbial communities},
  author={Liebich, J and Schloter, M and Sch{\"a}ffer, A and Vereecken, H and Burauel, P},
  journal={European journal of soil science},
  volume={58},
  number={1},
  pages={141--151},
  year={2007},
  publisher={Wiley Online Library}
}

@article{perveen2014priming,
  title={Priming effect and microbial diversity in ecosystem functioning and response to global change: a modeling approach using the SYMPHONY model},
  author={Perveen, Nazia and Barot, S{\'e}bastien and Alvarez, Ga{\"e}l and Klumpp, Katja and Martin, Raphael and Rapaport, Alain and Herfurth, Damien and Louault, Fr{\'e}d{\'e}rique and Fontaine, S{\'e}bastien},
  journal={Global change biology},
  volume={20},
  number={4},
  pages={1174--1190},
  year={2014},
  publisher={Wiley Online Library}
}

@article{gilbert2012defining,
  title={Defining seasonal marine microbial community dynamics},
  author={Gilbert, Jack A and Steele, Joshua A and Caporaso, J Gregory and Steinbr{\"u}ck, Lars and Reeder, Jens and Temperton, Ben and Huse, Susan and McHardy, Alice C and Knight, Rob and Joint, Ian and others},
  journal={The ISME journal},
  volume={6},
  number={2},
  pages={298--308},
  year={2012},
  publisher={Nature Publishing Group}
}

@article{luo2019seasonal,
  title={Seasonal Change in Microbial Diversity and Its Relationship with Soil Chemical Properties in an Orchard},
  author={Luo, Xuhui and Wang, Ming Kuang and Hu, Guiping and Weng, Boqi},
  journal={PloS one},
  volume={14},
  number={12},
  pages={e0215556},
  year={2019},
  publisher={Public Library of Science San Francisco, CA USA}
}